@article{konc2022protein,
  title={Protein binding sites for drug design},
  author={Konc, Janez and Jane{\v{z}}i{\v{c}}, Du{\v{s}}anka},
  journal={Biophysical Reviews},
  volume={14},
  number={6},
  pages={1413--1421},
  year={2022},
  publisher={Springer}
}

@inproceedings{string,
  author={String},
  title={String database of known and predicted protein-protien interactions},
  year={2024}
}

@misc{enwiki:1193904520,
  author = "{Wikipedia contributors}",
  title = "Betweenness centrality --- {Wikipedia}{,} The Free Encyclopedia",
  year = "2024",
  url = "https://en.wikipedia.org/w/index.php?title=Betweenness_centrality&oldid=1193904520",
  note = "[Online; accessed 20-March-2024]"
}